<record><leader>00000cas a22000007a 4500</leader><controlfield tag="001">10797798</controlfield><controlfield tag="008">840601d193719uumtuwr ne      0    0eng d</controlfield><datafield ind1=" " ind2=" " tag="010"><subfield code="a">sn 84036082 </subfield></datafield><datafield ind1=" " ind2=" " tag="040"><subfield code="a">MTL</subfield><subfield code="b">eng</subfield><subfield code="c">MTL</subfield><subfield code="d">OCLCQ</subfield></datafield><datafield ind1=" " ind2=" " tag="042"><subfield code="a">msc</subfield></datafield><datafield ind1="0" ind2=" " tag="130"><subfield code="a">Glendive independent (Glendive, Mont. : 1937)</subfield></datafield><datafield ind1="1" ind2="0" tag="245"><subfield code="a">Glendive independent.</subfield></datafield><datafield ind1=" " ind2=" " tag="260"><subfield code="a">Glendive, Mont. :</subfield><subfield code="b">W. Rothe</subfield></datafield><datafield ind1=" " ind2=" " tag="300"><subfield code="a">v. :</subfield><subfield code="b">ill. ;</subfield><subfield code="c">41-55 cm.</subfield></datafield><datafield ind1=" " ind2=" " tag="310"><subfield code="a">Weekly</subfield></datafield><datafield ind1=" " ind2=" " tag="500"><subfield code="a">Last issue located: Vol. 5, no. 52 (Dec. 28, 1939).</subfield></datafield><datafield ind1=" " ind2=" " tag="500"><subfield code="a">"Independent-Democratic."</subfield></datafield><datafield ind1=" " ind2=" " tag="500"><subfield code="a">Publisher varies.</subfield></datafield><datafield ind1=" " ind2=" " tag="530"><subfield code="a">Available on microfilm from Montana Historical Society.</subfield></datafield><datafield ind1=" " ind2=" " tag="588"><subfield code="a">Description based on: Vol. 3, no. 12 (May 20, 1937).</subfield></datafield><datafield ind1=" " ind2=" " tag="752"><subfield code="a">United States</subfield><subfield code="b">Montana</subfield><subfield code="c">Dawson</subfield><subfield code="d">Glendive.</subfield></datafield><datafield ind1="0" ind2="0" tag="780"><subfield code="t">Independent voice of eastern Montana</subfield><subfield code="w">(DLC)sn 84036081</subfield></datafield><datafield ind1="1" ind2=" " tag="029"><subfield code="a">AU@</subfield><subfield code="b">000025809038</subfield></datafield></record>